@ARTICLE{libsvm,
	AUTHOR = "Prova",
	TITLE = "prova"
	YEAR = {2001}
	JOURNAL = "http://prova.it"
}

